<?xml version="1.0" encoding="UTF-8"?><record xmlns="http://www.loc.gov/MARC21/slim" xmlns:cinclude="http://apache.org/cocoon/include/1.0" xmlns:zs="http://www.loc.gov/zing/srw/">
  <leader>00388nz  a2200133n  4500</leader>
  <controlfield tag="001">n 2013216245</controlfield>
  <controlfield tag="003">DLC</controlfield>
  <controlfield tag="005">20140206062201.0</controlfield>
  <controlfield tag="008">140206n| azannaabn          |a aaa      </controlfield>
  <datafield tag="010" ind1=" " ind2=" ">
    <subfield code="a">n 2013216245</subfield>
  </datafield>
  <datafield tag="040" ind1=" " ind2=" ">
    <subfield code="a">DLC</subfield>
    <subfield code="b">eng</subfield>
    <subfield code="c">DLC</subfield>
    <subfield code="e">rda</subfield>
  </datafield>
  <datafield tag="100" ind1="1" ind2=" ">
    <subfield code="a">Goyanakā, Kamala Kiśora,</subfield>
    <subfield code="d">1938-</subfield>
    <subfield code="t">Interviews.</subfield>
    <subfield code="k">Selections</subfield>
  </datafield>
  <datafield tag="400" ind1="1" ind2=" ">
    <subfield code="a">Goyanakā, Kamala Kiśora,</subfield>
    <subfield code="d">1938-</subfield>
    <subfield code="t">Premacanda</subfield>
  </datafield>
  <datafield tag="670" ind1=" " ind2=" ">
    <subfield code="a">Premacanda, 2012.</subfield>
  </datafield>
</record>